@INPROCEEDINGS{tessendorf,
        author = {Jerry Tessendorf and Copyright C and Jerry Tessendorf},
        title = {Simulating ocean water},
        booktitle = {},
        year = {1999}
}

@ARTICLE{refraction,
    author = {Manuel N. Gamito and F. Kenton Musgrave},
    title = {An accurate model of wave refraction over shallow water},
    journal = {Computers \& Graphics},
    year = {2002},
    volume = {26},
    pages = {291--307}
}

@inproceedings{marine,
 author = {Li, Yongjin and Jin, Yicheng and Yin, Yong and Shen, Helong},
 title = {Simulation of shallow-water waves in coastal region for marine simulator},
 booktitle = {Proceedings of The 7th ACM SIGGRAPH International Conference on Virtual-Reality Continuum and Its Applications in Industry},
 series = {VRCAI '08},
 year = {2008},
 isbn = {978-1-60558-335-8},
 location = {Singapore},
 pages = {15:1--15:5},
 articleno = {15},
 numpages = {5},
 url = {http://doi.acm.org/10.1145/1477862.1477882},
 doi = {10.1145/1477862.1477882},
 acmid = {1477882},
 publisher = {ACM},
 address = {New York, NY, USA},
 keywords = {marine simulator, physically based wave modeling, real-time wave rendering, shallow-water waves simulation},
}